% This BibTeX bibliography file was created using BibDesk.
% http://bibdesk.sourceforge.net/
% Created for virinha at 2013-02-11 14:53:32 -0300 
% Saved with string encoding Unicode (UTF-8) 


@article{SEQUEIRA:sd,
  Title      = {Crowdfunding No Brasil:Possibilidades Teóricas Para O Sucesso Do Financiamento Coletivo Realizado Via Redes Sociais Digitais.},
  Author     = {Jorge Santiago Carvalho Sequeira},
  Year       = {sd},
  Pages      = {3},
} 

@article{FELINTO:2012,
  Title      = {Crowdfunding: entre as Multidões e as Corporações.},
  Author     = {Erick Felinto},
  Journal    = {Comunicação, mídia e consumo},
  Volume     = {9},
  Number     = {26},
  Year       = {2012},
  Pages      = {135--144},
  Address    = {São Paulo, SP, BR},
} 

@conference{CAVALCANTI:2013,
  Title      = {he Veronica Mars Movie Project: o fandom e seu financiamento colaborativo da cultura através do crowdfunding},
  Author     = {Gêsa Cavalcanti, Luana Inocencio, Nadja Carvalho},
  Pages     = {1--15},
  Booktitle = {ntercom – Sociedade Brasileira de Estudos Interdisciplinares da Comunicação XXXVI Congresso Brasileiro de Ciências da Comunicação},
  Year      = {2013}
} 

@article{COCATE:2012,
  Title      = {Crowdfunding: estudo sobre o fenômeno virtual},
  Author     = {Flávia Medeiros Cocate, Carlos Pernisa Júnior},
  Journal    = {Líbero},
  Volume     = {15},
  Number     = {28},
  Year       = {2012},
  Pages      = {135--144},
  Address    = {São Paulo, SP, BR},
} 

@url{XAVIER:2016,
  author = {Lucas Xavier},
  title  = {Como Fazer Uma Campanha De Financiamento Coletivo(Crowdfunding)},
  year   = {2016}, 
  note   = {https://www.youtube.com/watch?v=Vm2x-a2LRaA - accessed 22-July-2017}
}

@url{PEREIRA:2016,
  author = {Daniel Pereira},
  title  = {Modelo De Crowdfunding},
  year   = {2016}, 
  note   = {https://analistamodelosdenegocios.com.br/modelo-de-crowdfunding/ - accessed 22-July-2017}
}

@url{GAZETA:2017,
  author = {Gazeta do povo},
  title  = {De smartphones a drones: 5 projetos de financiamento coletivo que terminaram mal.},
  year   = {2017}, 
  note   = {http://www.gazetadopovo.com.br/economia/nova-economia/de-smartphones-a-drones-5-projetos-de-financiamento-coletivo-que-terminaram-mal-5s5hdzymis8f1mdgw0e66txl5 - accessed 23-July-2017}
}

@url{BRASIL:2017,
  author = {Crowdfunding no Brasil},
  title  = {Crowdfunding no Brasil},
  year   = {2017}, 
  note   = {https://www.crowdfundingnobrasil.com.br/ - accessed 21-July-2017}
}

@url{KICKANTE:2017,
  author = {Kickante},
  title  = {Sobre a Kickante},
  year   = {2017}, 
  note   = { https://www.kickante.com.br/sobre/ - accessed 21-July-2017}
}

@url{VAKINHA:2017,
  author = {Vakinha},
  title  = {Quem Somos},
  year   = {2017}, 
  note   = {https://www.vakinha.com.br/quem-somos/ - accessed 22-July-2017}
}

@url{CANALTECH:2017,
  author = {Ultra Downloads},
  title  = {O que é o Kickstarter?},
  year   = {2017}, 
  note   = {https://canaltech.com.br/startup/O-que-e-o-Kickstarter/ - accessed 22-July-2017}
}

@url{apistech:2017,
  author = {Joel Oliveira},
  title  = {As 6 coisas sobre o crowdfunding e o Indiegogo que precisa de saber},
  year   = {2017}, 
  note   = {http://apistech.eu/as-6-coisas-sobre-o-crowdfunding-e-o-indiegogo-que-precisa-de-saber/ - accessed 22-July-2017}
}

@url{SEBRAE:2017,
  author = {SEBRAE Serviço Brasileiro de Apoio às Micro e Pequenas Empresas.},
  title  = {Pesquisa mostra dados do setor de crowdfunding no país},
  year   = {2016}, 
  note   = {https://www.sebrae.com.br/sites/PortalSebrae/artigos/pesquisa-mostra-dados-do-setor-de-crowdfunding-no-pais,1c4a999b516ff410VgnVCM1000004c00210aRCRD - accessed 22-July-2017}
}

@url{ANDRADE:2017,
  author = {Lisane Andrade},
  title  = {A cada hora, 87 mil dólares são arrecadados via Crowdfunding},
  year   = {2015}, 
  note   = {https://meufinanciamentocoletivo.com.br/mercado/cada-hora-87-mil-dolares-arrecadados-crowdfunding/ - accessed 23-July-2017}
}

@url{PASCOAL:2017,
  author = {Candice Pascoal},
  title  = {A Evolução do Crowdfunding no Brasil e no Mundo},
  year   = {2015}, 
  note   = {https://blog.kickante.com.br/a-evolucao-do-crowdfunding-no-brasil-e-no-mundo/ - accessed 23-July-2017}
}

@url{ALVES:2017,
  author = {Breno Castro Alves},
  title  = {A seleção natural do crowdfunding no Brasil: hoje há mais arrecadação e menos plataformas,},
  year   = {2015}, 
  note   = {http://projetodraft.com/a-selecao-natural-do-crowdfunding-no-brasil-hoje-ha-mais-arrecadacao-e-menos-plataformas - accessed 23-July-2017}
}

@url{ONOFFRE:2017,
  author = {Arthur Leme},
  title  = {Os maiores sucessos do Crowdfunding},
  year   = {2015}, 
  note   = {http://www.onoffre.com/artigos/2016/3/14/os-maiores-sucessos-do-crowdfunding - accessed 23-July-2017}
}

@url{KICKSTARTER:2017,
  author = {KICKSTARTER},
  title  = {Everything sorted by Most Funded},
  year   = {2017}, 
  note   = {https://www.kickstarter.com/discover/advanced?sort=most_funded - accessed 23-July-2017}
}

@url{JOVEMNERD:2017,
  author = {João Abbade},
  title  = {Bloodstained: Ritual of the Night ganha um novo vídeo de gameplay},
  year   = {2017}, 
  note   = {https://jovemnerd.com.br/nerdnews/bloodstained-ritual-of-the-night-ganha-um-curto-video-de-gameplay/ - accessed 23-agosto-2017}
}

@url{CARTASECHORUS:2017,
  author = {CARTASE e CHORUS},
  title  = {Retrato do Financiamento Coletivo no Brasil.},
  year   = {2013}, 
  note   = {http://pesquisa.catarse.me/23 - accessed 23-July-2017}
}
